@article{kingma2014adam,
    title={Adam: A method for stochastic optimization},
    author={Kingma, Diederik and Ba, Jimmy},
    journal={arXiv preprint arXiv:1412.6980},
    year={2014}
}

@article{he2015deep,
    title={Deep residual learning for image recognition},
    author={He, Kaiming and Zhang, Xiangyu and Ren, Shaoqing and Sun, Jian},
    journal={arXiv preprint arXiv:1512.03385},
    year={2015}
}
