@article{iandola2016squeezenet,
    title={SqueezeNet: AlexNet-level accuracy with 50x fewer parameters and< 1MB model size},
    author={Iandola, Forrest N and Moskewicz, Matthew W and Ashraf, Khalid and Han, Song and Dally, William J and Keutzer, Kurt},
    journal={arXiv preprint arXiv:1602.07360},
    year={2016}
}
@article{courbariaux2016binarynet,
    title={Binarynet: Training deep neural networks with weights and activations constrained to+ 1 or-1},
    author={Courbariaux, Matthieu and Bengio, Yoshua},
    journal={arXiv preprint arXiv:1602.02830},
    year={2016}
}

@article{hu2016network,
    title={Network Trimming: A Data-Driven Neuron Pruning Approach towards Efficient Deep Architectures},
    author={Hu, Hengyuan and Peng, Rui and Tai, Yu-Wing and Tang, Chi-Keung},
    journal={arXiv preprint arXiv:1607.03250},
    year={2016}
}

@inproceedings{lecun1989optimal,
    title={Optimal brain damage.},
    author={LeCun, Yann and Denker, John S and Solla, Sara A and Howard, Richard E and Jackel, Lawrence D},
    booktitle={NIPs},
    volume={2},
    pages={598--605},
    year={1989}
}

@inproceedings{huang2016deep,
    title={Deep networks with stochastic depth},
    author={Huang, Gao and Sun, Yu and Liu, Zhuang and Sedra, Daniel and Weinberger, Kilian Q},
    booktitle={European Conference on Computer Vision},
    pages={646--661},
    year={2016},
    organization={Springer}
}

@inproceedings{lebedev2016fast,
    title={Fast convnets using group-wise brain damage},
    author={Lebedev, Vadim and Lempitsky, Victor},
    booktitle={Proceedings of the IEEE Conference on Computer Vision and Pattern Recognition},
    pages={2554--2564},
    year={2016}
}

@inproceedings{han2015learning,
    title={Learning both weights and connections for efficient neural network},
    author={Han, Song and Pool, Jeff and Tran, John and Dally, William},
    booktitle={Advances in Neural Information Processing Systems},
    pages={1135--1143},
    year={2015}
}



